@inproceedings{orb,
author = {Rublee, Ethan and Rabaud, Vincent and Konolige, Kurt and Bradski, Gary},
year = {2011},
month = {11},
pages = {2564-2571},
title = {ORB: an efficient alternative to SIFT or SURF},
journal = {Proceedings of the IEEE International Conference on Computer Vision},
doi = {10.1109/ICCV.2011.6126544}
}